<?xml version="1.0" encoding="UTF-8"?><collection xmlns="http://www.loc.gov/MARC21/slim"><record><leader>00363nam--2200121-i-4500</leader><controlfield tag="001">000006345</controlfield><controlfield tag="002">20161230</controlfield><controlfield tag="005">20161230201026</controlfield><controlfield tag="008">060222s1000------------r-----000-0-eng-d</controlfield><datafield ind1=" " ind2=" " tag="245"><subfield code="a">International conference on high energy accele rators. september 6-12, 1961</subfield></datafield><datafield ind1=" " ind2=" " tag="260"><subfield code="a">Brokhaven, National Laboratory, 1961. Ix + 490 P</subfield></datafield><datafield ind1=" " ind2=" " tag="700"><subfield code="a">Blewett, Hildred M</subfield></datafield><datafield ind1=" " ind2=" " tag="852"><subfield code="a">18890</subfield></datafield></record></collection>